@Book{hering2017optik,
 author = {Hering, Ekbert},
 title = {Optik f端r Ingenieure und Naturwissenschaftler Grundlagen und Anwendungen},
 publisher = {Fachbuchverlag Leipzig im Carl Hanser Verlag},
 year = {2017},
 address = {M端nchen},
 isbn = {978-3-446-44281-8}
 }

 @Book{kuchling2004taschenbuch,
 author = {Kuchling, Horst},
 title = {Taschenbuch der Physik mit zahlreichen Tabellen},
 publisher = {Fachbuchverl. Leipzig im Carl-Hanser-Verl},
 year = {2004},
 address = {M端nchenWien},
 isbn = {3-446-22883-7}
 }

 @Book{tipler2015physik,
 author = {Tipler, Paul},
 title = {Physik f端r Wissenschaftler und Ingenieure [der Begleiter bis zum Bachelor},
 publisher = {Springer Spektrum},
 year = {2015},
 address = {BerlinHeidelberg},
 isbn = {978-3-642-54165-0}
 }